<ENVELOPE>
 <HEADER>
  <TALLYREQUEST>Import Data</TALLYREQUEST>
 </HEADER>
 <BODY>
  <IMPORTDATA>
   <REQUESTDESC>
    <REPORTNAME>All Masters</REPORTNAME>
    <STATICVARIABLES>
     <SVCURRENTCOMPANY>HASHIM CON - (2021-22)</SVCURRENTCOMPANY>
    </STATICVARIABLES>
   </REQUESTDESC>
   <REQUESTDATA>
   
    <TALLYMESSAGE xmlns:UDF="TallyUDF">
     <VOUCHER REMOTEID="" VCHKEY="" VCHTYPE="Receipt" ACTION="Create" OBJVIEW="Accounting Voucher View">
      <OLDAUDITENTRYIDS.LIST TYPE="Number">
       <OLDAUDITENTRYIDS>-1</OLDAUDITENTRYIDS>
      </OLDAUDITENTRYIDS.LIST>
      <DATE>20240701</DATE>
      <GUID></GUID>
      <NARRATION>naz test 3</NARRATION>
      <VOUCHERTYPENAME>Receipt</VOUCHERTYPENAME>
      <VOUCHERNUMBER></VOUCHERNUMBER>
      <PARTYLEDGERNAME>AVNC ABDUL JALEEL</PARTYLEDGERNAME>
      <CSTFORMISSUETYPE/>
      <CSTFORMRECVTYPE/>
      <FBTPAYMENTTYPE>Default</FBTPAYMENTTYPE>
      <PERSISTEDVIEW>Accounting Voucher View</PERSISTEDVIEW>
      <VCHGSTCLASS/>
      <ENTEREDBY>HASHIM</ENTEREDBY>
      <DIFFACTUALQTY>No</DIFFACTUALQTY>
      <AUDITED>No</AUDITED>
      <FORJOBCOSTING>No</FORJOBCOSTING>
      <ISOPTIONAL>No</ISOPTIONAL>
      <EFFECTIVEDATE>20240701</EFFECTIVEDATE>
      <ISFORJOBWORKIN>No</ISFORJOBWORKIN>
      <ALLOWCONSUMPTION>No</ALLOWCONSUMPTION>
      <USEFORINTEREST>No</USEFORINTEREST>
      <USEFORGAINLOSS>No</USEFORGAINLOSS>
      <USEFORGODOWNTRANSFER>No</USEFORGODOWNTRANSFER>
      <USEFORCOMPOUND>No</USEFORCOMPOUND>
      <ALTERID> </ALTERID>
      <EXCISEOPENING>No</EXCISEOPENING>
      <USEFORFINALPRODUCTION>No</USEFORFINALPRODUCTION>
      <ISCANCELLED>No</ISCANCELLED>
      <HASCASHFLOW>Yes</HASCASHFLOW>
      <ISPOSTDATED>No</ISPOSTDATED>
      <USETRACKINGNUMBER>No</USETRACKINGNUMBER>
      <ISINVOICE>No</ISINVOICE>
      <MFGJOURNAL>No</MFGJOURNAL>
      <HASDISCOUNTS>No</HASDISCOUNTS>
      <ASPAYSLIP>No</ASPAYSLIP>
      <ISCOSTCENTRE>No</ISCOSTCENTRE>
      <ISSTXNONREALIZEDVCH>No</ISSTXNONREALIZEDVCH>
      <ISEXCISEMANUFACTURERON>No</ISEXCISEMANUFACTURERON>
      <ISBLANKCHEQUE>No</ISBLANKCHEQUE>
      <ISVOID>No</ISVOID>
      <ISONHOLD>No</ISONHOLD>
      <ISDELETED>No</ISDELETED>
      <ASORIGINAL>No</ASORIGINAL>
      <VCHISFROMSYNC>No</VCHISFROMSYNC>
      <MASTERID> </MASTERID>
      <VOUCHERKEY></VOUCHERKEY>
      <OLDAUDITENTRIES.LIST>      </OLDAUDITENTRIES.LIST>
      <ACCOUNTAUDITENTRIES.LIST>      </ACCOUNTAUDITENTRIES.LIST>
      <AUDITENTRIES.LIST>      </AUDITENTRIES.LIST>
      <INVOICEDELNOTES.LIST>      </INVOICEDELNOTES.LIST>
      <INVOICEORDERLIST.LIST>      </INVOICEORDERLIST.LIST>
      <INVOICEINDENTLIST.LIST>      </INVOICEINDENTLIST.LIST>
      <ATTENDANCEENTRIES.LIST>      </ATTENDANCEENTRIES.LIST>
      <ORIGINVOICEDETAILS.LIST>      </ORIGINVOICEDETAILS.LIST>
      <INVOICEEXPORTLIST.LIST>      </INVOICEEXPORTLIST.LIST>
      <ALLLEDGERENTRIES.LIST>
       <OLDAUDITENTRYIDS.LIST TYPE="Number">
        <OLDAUDITENTRYIDS>-1</OLDAUDITENTRYIDS>
       </OLDAUDITENTRYIDS.LIST>
       <LEDGERNAME>AVNC ABDUL JALEEL</LEDGERNAME>
       <GSTCLASS/>
       <ISDEEMEDPOSITIVE>No</ISDEEMEDPOSITIVE>
       <LEDGERFROMITEM>No</LEDGERFROMITEM>
       <REMOVEZEROENTRIES>No</REMOVEZEROENTRIES>
       <ISPARTYLEDGER>Yes</ISPARTYLEDGER>
       <ISLASTDEEMEDPOSITIVE>No</ISLASTDEEMEDPOSITIVE>
       <AMOUNT>300.00</AMOUNT>
       <BANKALLOCATIONS.LIST>       </BANKALLOCATIONS.LIST>
       <BILLALLOCATIONS.LIST>       </BILLALLOCATIONS.LIST>
       <INTERESTCOLLECTION.LIST>       </INTERESTCOLLECTION.LIST>
       <OLDAUDITENTRIES.LIST>       </OLDAUDITENTRIES.LIST>
       <ACCOUNTAUDITENTRIES.LIST>       </ACCOUNTAUDITENTRIES.LIST>
       <AUDITENTRIES.LIST>       </AUDITENTRIES.LIST>
       <TAXBILLALLOCATIONS.LIST>       </TAXBILLALLOCATIONS.LIST>
       <TAXOBJECTALLOCATIONS.LIST>       </TAXOBJECTALLOCATIONS.LIST>
       <TDSEXPENSEALLOCATIONS.LIST>       </TDSEXPENSEALLOCATIONS.LIST>
       <VATSTATUTORYDETAILS.LIST>       </VATSTATUTORYDETAILS.LIST>
       <COSTTRACKALLOCATIONS.LIST>       </COSTTRACKALLOCATIONS.LIST>
      </ALLLEDGERENTRIES.LIST>
      <ALLLEDGERENTRIES.LIST>
       <OLDAUDITENTRYIDS.LIST TYPE="Number">
        <OLDAUDITENTRYIDS>-1</OLDAUDITENTRYIDS>
       </OLDAUDITENTRYIDS.LIST>
       <LEDGERNAME>HDFC</LEDGERNAME>
       <GSTCLASS/>
       <ISDEEMEDPOSITIVE>Yes</ISDEEMEDPOSITIVE>
       <LEDGERFROMITEM>No</LEDGERFROMITEM>
       <REMOVEZEROENTRIES>No</REMOVEZEROENTRIES>
       <ISPARTYLEDGER>Yes</ISPARTYLEDGER>
       <ISLASTDEEMEDPOSITIVE>Yes</ISLASTDEEMEDPOSITIVE>
       <AMOUNT>-300.00</AMOUNT>
       <BANKALLOCATIONS.LIST>
        <DATE>20240701</DATE>
        <INSTRUMENTDATE>20240801</INSTRUMENTDATE>
        <NAME>80fe707c-0c33-47ae-9594-daa3171d8a25</NAME>
        <TRANSACTIONTYPE>Cheque/DD</TRANSACTIONTYPE>
        <BANKNAME>Abc</BANKNAME>
        <BANKBRANCHNAME>Efg</BANKBRANCHNAME>
        <PAYMENTFAVOURING>AVNC ABDUL JALEEL</PAYMENTFAVOURING>
        <INSTRUMENTNUMBER>12345</INSTRUMENTNUMBER>
        <UNIQUEREFERENCENUMBER>5vwxS5pehxqpMDfN</UNIQUEREFERENCENUMBER>
        <STATUS>No</STATUS>
        <PAYMENTMODE>Transacted</PAYMENTMODE>
        <BANKPARTYNAME>AVNC ABDUL JALEEL</BANKPARTYNAME>
        <ISCONNECTEDPAYMENT>No</ISCONNECTEDPAYMENT>
        <ISSPLIT>No</ISSPLIT>
        <ISCONTRACTUSED>No</ISCONTRACTUSED>
        <CHEQUEPRINTED> 1</CHEQUEPRINTED>
        <AMOUNT>-300.00</AMOUNT>
        <CONTRACTDETAILS.LIST>        </CONTRACTDETAILS.LIST>
       </BANKALLOCATIONS.LIST>
       <BILLALLOCATIONS.LIST>       </BILLALLOCATIONS.LIST>
       <INTERESTCOLLECTION.LIST>       </INTERESTCOLLECTION.LIST>
       <OLDAUDITENTRIES.LIST>       </OLDAUDITENTRIES.LIST>
       <ACCOUNTAUDITENTRIES.LIST>       </ACCOUNTAUDITENTRIES.LIST>
       <AUDITENTRIES.LIST>       </AUDITENTRIES.LIST>
       <TAXBILLALLOCATIONS.LIST>       </TAXBILLALLOCATIONS.LIST>
       <TAXOBJECTALLOCATIONS.LIST>       </TAXOBJECTALLOCATIONS.LIST>
       <TDSEXPENSEALLOCATIONS.LIST>       </TDSEXPENSEALLOCATIONS.LIST>
       <VATSTATUTORYDETAILS.LIST>       </VATSTATUTORYDETAILS.LIST>
       <COSTTRACKALLOCATIONS.LIST>       </COSTTRACKALLOCATIONS.LIST>
      </ALLLEDGERENTRIES.LIST>
      <PAYROLLMODEOFPAYMENT.LIST>      </PAYROLLMODEOFPAYMENT.LIST>
      <ATTDRECORDS.LIST>      </ATTDRECORDS.LIST>
     </VOUCHER>
    </TALLYMESSAGE>
      </REQUESTDATA>
  </IMPORTDATA>
 </BODY>
</ENVELOPE>